<?xml version="1.0" encoding="UTF-8"?><collection xmlns="http://www.loc.gov/MARC21/slim"><record><leader>00513nam--2200181-u-4500</leader><controlfield tag="001">000056452</controlfield><controlfield tag="002">20161230</controlfield><controlfield tag="005">20161230201052</controlfield><controlfield tag="008">151020s1000------------r-----000-0-eng-d</controlfield><datafield ind1=" " ind2=" " tag="040"><subfield code="a">IFIN-HH</subfield></datafield><datafield ind1=" " ind2=" " tag="080"><subfield code="a">53</subfield></datafield><datafield ind1="1" ind2=" " tag="100"><subfield code="a">Hochstadt, Harry</subfield></datafield><datafield ind1="1" ind2="0" tag="245"><subfield code="a">Special functions of mathematical physics</subfield><subfield code="c">Harry hochstadt</subfield></datafield><datafield ind1=" " ind2=" " tag="260"><subfield code="a">New York</subfield><subfield code="b">Holt, Rinehart And Winston</subfield><subfield code="c">1966</subfield></datafield><datafield ind1=" " ind2=" " tag="300"><subfield code="a">VIII+81P</subfield></datafield><datafield ind1=" " ind2=" " tag="490"><subfield code="a">Athena Series. Selected Topics In Mathematics</subfield></datafield><datafield ind1=" " ind2=" " tag="852"><subfield code="a">30760</subfield><subfield code="c">53.02</subfield></datafield><datafield ind1=" " ind2=" " tag="CAT"><subfield code="a">Sys</subfield><subfield code="c">20151020</subfield><subfield code="h">155846</subfield></datafield></record></collection>